% This file was created with JabRef 2.10.
% Encoding: UTF-8

@Misc{questionGuy,
  Author = {Scout},
  Note = {public domain},
  Url = {https://openclipart.org/detail/191766/question-guy}
}

@Misc{questionGirl,
  Author = {Scout},
  Note = {public domain},
  Url = {https://openclipart.org/detail/196174/question-girl}
}
